<?xml version="1.0" encoding="UTF-8"?><collection xmlns="http://www.loc.gov/MARC21/slim"><record><leader>00599nam--2200193-u-4500</leader><controlfield tag="001">000055052</controlfield><controlfield tag="002">20161230</controlfield><controlfield tag="005">20161230201052</controlfield><controlfield tag="008">121025s1000------------r-----000-0-rum-d</controlfield><datafield ind1=" " ind2=" " tag="040"><subfield code="a">IFIN-HH</subfield></datafield><datafield ind1=" " ind2=" " tag="041"><subfield code="a">rum</subfield></datafield><datafield ind1=" " ind2=" " tag="080"><subfield code="a">539.172.3(043.3):539.2(043.3)</subfield></datafield><datafield ind1="1" ind2=" " tag="100"><subfield code="a">Tarina, Dorina</subfield></datafield><datafield ind1="1" ind2="0" tag="245"><subfield code="a">Rolul starii de polarizare a radiatiei gama in studiul prin efect mossbauer al interactiilor hiperfine complexe</subfield><subfield code="b">Teza</subfield><subfield code="c">Dorina tarina</subfield></datafield><datafield ind1=" " ind2=" " tag="260"><subfield code="a">Bucuresti</subfield><subfield code="b">Ifa</subfield><subfield code="c">1976</subfield></datafield><datafield ind1=" " ind2=" " tag="300"><subfield code="a">148P</subfield></datafield><datafield ind1=" " ind2=" " tag="502"><subfield code="a">Conducator Stiintific: Prof.Dr. D.Barb</subfield></datafield><datafield ind1=" " ind2=" " tag="852"><subfield code="a">43919</subfield><subfield code="c">539.2</subfield></datafield><datafield ind1=" " ind2=" " tag="CAT"><subfield code="a">Sys</subfield><subfield code="c">20121025</subfield><subfield code="h">162838</subfield></datafield></record></collection>